@PHDTHESIS{JPThesis,
      author = {J. Paley},
      title = {Measurement of the Anomalous Magnetic Moment of the Negative Muon to 0.7 Parts Per Million},
      school = {Boston University},
      year = {2004}
}

@article{E821FinalReport,
      author         = "Bennett, G. W. and others",
      title          = "{Final Report of the Muon E821 Anomalous Magnetic Moment
                        Measurement at BNL}",
      collaboration  = "Muon g-2",
      journal        = "Phys. Rev.",
      volume         = "D73",
      year           = "2006",
      pages          = "072003",
      doi            = "10.1103/PhysRevD.73.072003",
      eprint         = "hep-ex/0602035",
      archivePrefix  = "arXiv",
      primaryClass   = "hep-ex",
      SLACcitation   = "%%CITATION = HEP-EX/0602035;%%"
}

@MISC{Tunes,
      author = {M. J. Syphers},
      title = {Storage Ring Linear Tune Tables},
      howpublished = {Muon g-2 DocDB 11547},
      year = {2018}
}

@MISC{HertzogAfterDenver,
      author = {D. Hertzog},
      title = {Reminders from Denver: Path to Publication},
      howpublished = {Muon g-2 DocDB 15217},
      year = {2018}
}

@MISC{DenverRatioTalk,
      author = {N. Kinnaird},
      title = {Ratio Method Analysis},
      howpublished = {Muon g-2 DocDB 13080},
      year = {2018}
}

@MISC{60HGain,
      author = {A. Driutti et al.},
      title = {Status of the STDP module and of the new IFG correction functions},
      howpublished = {Muon g-2 DocDB 16003 v2},
      year = {2019}
}

@MISC{Pileup1,
      author = {N. Kinnaird},
      title = {Pileup - Form, Errors, Scaling, etc.},
      howpublished = {Muon g-2 DocDB 14394 v2},
      year = {2018}
}

@MISC{Pileup2,
      author = {N. Kinnaird},
      title = {Corrected Pileup Errors},
      howpublished = {Muon g-2 DocDB 14830},
      year = {2018}
}

@MISC{Pileup3,
      author = {F. Farley et al.},
      title = {Estimation of Error in Differential Pileup Subtracted Data},
      howpublished = {E821 Muon g-2 Note 377},
      year = {2018}
}

% Optional fields: author, organization, address, edition, month, year, note
@MANUAL{ClockManual,
	title = {E989 Clock System Manual},
	author = {K. Labe},
	organization = {Cornell University},
	edition = {0.1},
	month = {March},
	year = {2018},
	note = {Muon g-2 DocDB 10995 v2}
}

@MISC{MuonLosses,
      author = {S. Ganguly},
      title = {Muon Losses - An Overview},
      howpublished = {Muon g-2 DocDB 12912},
      year = {2018}
}

@MISC{TrackerFreq,
      author = {J. Mott et al.},
      title = {CBO Frequency Change},
      howpublished = {Muon g-2 DocDB 14208},
      year = {2018}
}

@MISC{SoftwareBlinding,
      author = {L. Gibbons},
      title = {Blinders: C++ class for blinding fits},
      howpublished = {Muon g-2 DocDB 11232},
      year = {2018}
}

@MISC{IFG,
      author = {M. Smith},
      title = {Laser Software Update},
      howpublished = {Muon g-2 DocDB 14077 v2},
      year = {2018}
}

@MISC{CBOSystematics,
      author = {J. Mott},
      title = {CBO Systematics},
      howpublished = {Muon g-2 DocDB 15376},
      year = {2018}
}

@MISC{Key,
      author = {},
      title = {},
      howpublished = {Muon g-2 DocDB },
      year = {}
}

@MISC{Key,
      author = {},
      title = {},
      howpublished = {Muon g-2 DocDB },
      year = {}
}

@MISC{Key,
      author = {},
      title = {},
      howpublished = {Muon g-2 DocDB },
      year = {}
}

@MISC{Key,
      author = {},
      title = {},
      howpublished = {Muon g-2 DocDB },
      year = {}
}

@MISC{Key,
      author = {},
      title = {},
      howpublished = {Muon g-2 DocDB },
      year = {}
}
